@article{al2019predicting,
  title={Predicting customerâ€™s gender and age depending on mobile phone data},
  author={Al-Zuabi, Ibrahim Mousa and Jafar, Assef and Aljoumaa, Kadan},
  journal={Journal of Big Data},
  volume={6},
  number={1},
  pages={1--16},
  year={2019},
  publisher={Springer}
}

@article{alotaibi2020applications,
  title={Applications of artificial intelligence and big data analytics in m-Health: a healthcare system perspective},
  author={Alotaibi, Sultan Refa and others},
  journal={Journal of Healthcare Engineering},
  volume={2020},
  year={2020},
  publisher={Hindawi}
}

@article{arias2016scalable,
  title={A scalable pairwise class interaction framework for multidimensional classification},
  author={Arias, Jacinto and Gamez, Jose A and Nielsen, Thomas D and Puerta, Jose M},
  journal={International Journal of Approximate Reasoning},
  volume={68},
  pages={194--210},
  year={2016},
  publisher={Elsevier}
}

@inproceedings{batal2013efficient,
  title={An efficient probabilistic framework for multi-dimensional classification},
  author={Batal, Iyad and Hong, Charmgil and Hauskrecht, Milos},
  booktitle={Proceedings of the 22nd ACM international conference on Information \& Knowledge Management (CIKM)},
  pages={2417--2422},
  year={2013}
}


@inproceedings{bi2013inferring,
  title={Inferring the demographics of search users: Social data meets search queries},
  author={Bi, Bin and Shokouhi, Milad and Kosinski, Michal and Graepel, Thore},
  booktitle={Proceedings of the 22nd international conference on World Wide Web (WWW)},
  pages={131--140},
  year={2013}
}

@article{bielza2011multi,
  title={Multi-dimensional classification with Bayesian networks},
  author={Bielza, Concha and Li, Guangdi and Larranaga, Pedro},
  journal={International Journal of Approximate Reasoning},
  volume={52},
  number={6},
  pages={705--727},
  year={2011},
  publisher={Elsevier}
}
