@misc{germanov_topic_modeling_of_2024,
  title = {Topic Modeling of {{OpenML}} Dataset Descriptions},
  author = {Germanov, Ivan},
  year = {2024},
  month = oct,
  url = {https://github.com/ivangermanov/openml-tags}
}